%---------------------------------------------------------------------------%
%-                                                                         -%
%-                             Bibliography                                -%
%-                                                                         -%
%---------------------------------------------------------------------------%



@article{zsk,
	title={基于关键词的代码自动摘要},
	author={张世琨 and 谢睿 and 叶蔚 and 陈龙},
	journal={计算机研究与发展},
	number={9},
	year={2020},
}

@article{yqf,
	title={软件复用与软件构件技术},
	author={杨芙清 and 梅宏 and 李克勤},
	journal={电子学报},
	number={02},
	pages={3-5},
	year={1999},
}

@article{hx,
	title={基于深度学习的程序生成与补全技术研究进展},
	author={胡星 and 李戈 and 刘芳 and 金芝},
	journal={软件学报},
	volume={Vol.30Issue},
	number={05},
	pages={1206-1223},
	year={2019},
}

@article{nosek1990software,
	title={Software maintenance management: changes in the last decade},
	author={Nosek, John T and Palvia, Prashant},
	journal={Journal of Software Maintenance: Research and Practice},
	volume={2},
	number={3},
	pages={157--174},
	year={1990},
	publisher={Wiley Online Library}
}

@inproceedings{binkley2008impact,
	title={Impact of limited memory resources},
	author={Binkley, Dave and Lawrie, Dawn and Maex, Steve and Morrell, Christopher},
	booktitle={2008 16th IEEE International Conference on Program Comprehension},
	pages={83--92},
	year={2008},
	organization={IEEE}
}

@article{lwp,
	title={基于LDA的软件代码主题摘要自动生成方法},
	author={李文鹏, 赵俊峰 and 谢冰},
	journal={计算机科学},
	volume={44.04},
	year={2017},
	pages={35-38},
}

@article{jz,
	title={程序理解: 现状与未来},
	author={金芝 and 刘芳 and 李戈},
	journal={软件学报},
	volume={30},
	number={01},
	pages={113},
	year={2019}
}

@article{lx,
	title={基于增强描述的代码搜索方法},
	author={黎宣 and 王千祥 and 金芝},
	journal={Journal of Software},
	volume={6},
	pages={1405--1417},
	year={2017}
}

@inproceedings{miceli2017parallel,
	title={A Parallel Corpus of Python Functions and Documentation Strings for Automated Code Documentation and Code Generation},
	author={Miceli-Barone, Antonio Valerio and Sennrich, Rico},
	booktitle={Proceedings of the Eighth International Joint Conference on Natural Language Processing (Volume 2: Short Papers)},
	pages={314--319},
	year={2017}
}

@inproceedings{sridhara2010towards,
	title={Towards automatically generating summary comments for java methods},
	author={Sridhara, Giriprasad and Hill, Emily and Muppaneni, Divya and Pollock, Lori and Vijay-Shanker, K},
	booktitle={Proceedings of the IEEE/ACM international conference on Automated software engineering},
	pages={43--52},
	year={2010}
}

@inproceedings{moreno2013automatic,
	title={Automatic generation of natural language summaries for java classes},
	author={Moreno, Laura and Aponte, Jairo and Sridhara, Giriprasad and Marcus, Andrian and Pollock, Lori and Vijay-Shanker, K},
	booktitle={2013 21st International Conference on Program Comprehension (ICPC)},
	pages={23--32},
	year={2013},
	organization={IEEE}
}

@inproceedings{mcburney2014automatic,
	title={Automatic documentation generation via source code summarization of method context},
	author={McBurney, Paul W and McMillan, Collin},
	booktitle={Proceedings of the 22nd International Conference on Program Comprehension},
	pages={279--290},
	year={2014}
}

@article{wjs,
	title={基于句法分析的代码摘要技术},
	author={王金水 and 薛醒思 and 翁伟},
	journal={计算机应用},
	volume={35},
	number={7},
	pages={1999--2003},
	year={2015}
}

@inproceedings{haiduc2010use,
	title={On the use of automated text summarization techniques for summarizing source code},
	author={Haiduc, Sonia and Aponte, Jairo and Moreno, Laura and Marcus, Andrian},
	booktitle={2010 17th Working Conference on Reverse Engineering},
	pages={35--44},
	year={2010},
	organization={IEEE}
}

@inproceedings{wong2013autocomment,
	title={Autocomment: Mining question and answer sites for automatic comment generation},
	author={Wong, Edmund and Yang, Jinqiu and Tan, Lin},
	booktitle={2013 28th IEEE/ACM International Conference on Automated Software Engineering (ASE)},
	pages={562--567},
	year={2013},
	organization={IEEE}
}

@inproceedings{mcburney2014improving,
	title={Improving topic model source code summarization},
	author={McBurney, Paul W and Liu, Cheng and McMillan, Collin and Weninger, Tim},
	booktitle={Proceedings of the 22nd international conference on program comprehension},
	pages={291--294},
	year={2014}
}

@inproceedings{allamanis2016convolutional,
	title={A convolutional attention network for extreme summarization of source code},
	author={Allamanis, Miltiadis and Peng, Hao and Sutton, Charles},
	booktitle={International conference on machine learning},
	pages={2091--2100},
	year={2016}
}

@inproceedings{moore2019convolutional,
	title={A Convolutional Neural Network for Language-Agnostic Source Code Summarization},
	author={Moore, Jessica and Gelman, Ben and Slater, David},
	booktitle={Proceedings of the 14th International Conference on Evaluation of Novel Approaches to Software Engineering},
	pages={15--26},
	year={2019},
	organization={SCITEPRESS-Science and Technology Publications, Lda}
}

@inproceedings{iyer2016summarizing,
	title={Summarizing source code using a neural attention model},
	author={Iyer, Srinivasan and Konstas, Ioannis and Cheung, Alvin and Zettlemoyer, Luke},
	booktitle={Proceedings of the 54th Annual Meeting of the Association for Computational Linguistics (Volume 1: Long Papers)},
	pages={2073--2083},
	year={2016}
}

@inproceedings{leclair2019neural,
	title={A neural model for generating natural language summaries of program subroutines},
	author={LeClair, Alexander and Jiang, Siyuan and McMillan, Collin},
	booktitle={2019 IEEE/ACM 41st International Conference on Software Engineering (ICSE)},
	pages={795--806},
	year={2019},
	organization={IEEE}
}

@inproceedings{hu2018summarizing,
	title={Summarizing source code with transferred API knowledge},
	author={Hu, Xing and Li, Ge and Xia, Xin and Lo, David and Lu, Shuai and Jin, Zhi},
	booktitle={Proceedings of the 27th International Joint Conference on Artificial Intelligence},
	pages={2269--2275},
	year={2018}
}

@inproceedings{wan2018improving,
	title={Improving automatic source code summarization via deep reinforcement learning},
	author={Wan, Yao and Zhao, Zhou and Yang, Min and Xu, Guandong and Ying, Haochao and Wu, Jian and Yu, Philip S},
	booktitle={Proceedings of the 33rd ACM/IEEE International Conference on Automated Software Engineering},
	pages={397--407},
	year={2018}
}

@inproceedings{leclair2019neural,
	title={A neural model for generating natural language summaries of program subroutines},
	author={LeClair, Alexander and Jiang, Siyuan and McMillan, Collin},
	booktitle={2019 IEEE/ACM 41st International Conference on Software Engineering (ICSE)},
	pages={795--806},
	year={2019},
	organization={IEEE}
}

@inproceedings{hu2018deep,
	title={Deep code comment generation},
	author={Hu, Xing and Li, Ge and Xia, Xin and Lo, David and Jin, Zhi},
	booktitle={2018 IEEE/ACM 26th International Conference on Program Comprehension (ICPC)},
	pages={200--20010},
	year={2018},
	organization={IEEE}
}

@article{zheng2019codeattention,
	title={CodeAttention: translating source code to comments by exploiting the code constructs},
	author={Zheng, Wenhao and Zhou, Hongyu and Li, Ming and Wu, Jianxin},
	journal={Frontiers of Computer Science},
	volume={13},
	number={3},
	pages={565--578},
	year={2019},
	publisher={Springer}
}

%---------------------------------------------------------------------------%
